@article{peng2023instruction,
  title={Instruction tuning with gpt-4},
  author={Peng, Baolin and Li, Chunyuan and He, Pengcheng and Galley, Michel and Gao, Jianfeng},
  journal={arXiv preprint arXiv:2304.03277},
  year={2023}
}

@misc{wu2023visual,
      title={Visual ChatGPT: Talking, Drawing and Editing with Visual Foundation Models}, 
      author={Chenfei Wu and Shengming Yin and Weizhen Qi and Xiaodong Wang and Zecheng Tang and Nan Duan},
      year={2023},
      eprint={2303.04671},
      archivePrefix={arXiv},
      primaryClass={cs.CV}
}
@misc{zhu2023minigpt4,
      title={MiniGPT-4: Enhancing Vision-Language Understanding with Advanced Large Language Models}, 
      author={Deyao Zhu and Jun Chen and Xiaoqian Shen and Xiang Li and Mohamed Elhoseiny},
      year={2023},
      eprint={2304.10592},
      archivePrefix={arXiv},
      primaryClass={cs.CV}
}
@misc{qin2023good,
      title={How Good is Google Bard's Visual Understanding? An Empirical Study on Open Challenges}, 
      author={Haotong Qin and Ge-Peng Ji and Salman Khan and Deng-Ping Fan and Fahad Shahbaz Khan and Luc Van Gool},
      year={2023},
      eprint={2307.15016},
      archivePrefix={arXiv},
      primaryClass={cs.CV}
}