@article{cohn2008qualitative,
  title={Qualitative spatial representation and reasoning},
  author={Cohn, Anthony G and Renz, Jochen},
  journal={Foundations of Artificial Intelligence},
  volume={3},
  pages={551--596},
  year={2008},
  publisher={Elsevier}
}
@book{Hobbs1985-HOBFTO,
	author = {Jerry R. Hobbs and Robert C. Moore},
	editor = {},
	year = {1985},
	title = {Formal Theories of the Commonsense World},
	publisher = {Intellect Books}
}

@article{cohn2023dialectical,
  title={Dialectical language model evaluation: An initial appraisal of the commonsense spatial reasoning abilities of LLMs},
  author={Cohn, Anthony G and Hernandez-Orallo, Jose},
  journal={arXiv preprint arXiv:2304.11164},
  year={2023}
}
@article{borji2023categorical,
  title={A categorical archive of chatgpt failures},
  author={Borji, Ali},
  journal={arXiv preprint arXiv:2302.03494},
  year={2023}
}
@article{lin2023using,
  title={Using Language Models For Knowledge Acquisition in Natural Language Reasoning Problems},
  author={Lin, Fangzhen and Shou, Ziyi and Chen, Chengcai},
  journal={arXiv preprint arXiv:2304.01771},
  year={2023}
}
@article{liu2022visual,
  title={Visual spatial reasoning},
  author={Liu, Fangyu and Emerson, Guy and Collier, Nigel},
  journal={arXiv preprint arXiv:2205.00363},
  year={2022}
}
@inproceedings{grunde2021agqa,
  title={Agqa: A benchmark for compositional spatio-temporal reasoning},
  author={Grunde-McLaughlin, Madeleine and Krishna, Ranjay and Agrawala, Maneesh},
  booktitle={Proceedings of the IEEE/CVF Conference on Computer Vision and Pattern Recognition},
  pages={11287--11297},
  year={2021}
}
@inproceedings{hudson2019gqa,
  title={Gqa: A new dataset for real-world visual reasoning and compositional question answering},
  author={Hudson, Drew A and Manning, Christopher D},
  booktitle={Proceedings of the IEEE/CVF conference on computer vision and pattern recognition},
  pages={6700--6709},
  year={2019}
}
@article{zerroug2022benchmark,
  title={A benchmark for compositional visual reasoning},
  author={Zerroug, Aimen and Vaishnav, Mohit and Colin, Julien and Musslick, Sebastian and Serre, Thomas},
  journal={arXiv preprint arXiv:2206.05379},
  year={2022}
}
@article{parcalabescu2021valse,
  title={VALSE: A task-independent benchmark for vision and language models centered on linguistic phenomena},
  author={Parcalabescu, Letitia and Cafagna, Michele and Muradjan, Lilitta and Frank, Anette and Calixto, Iacer and Gatt, Albert},
  journal={arXiv preprint arXiv:2112.07566},
  year={2021}
}
@article{liu2022things,
  title={Things not written in text: Exploring spatial commonsense from visual signals},
  author={Liu, Xiao and Yin, Da and Feng, Yansong and Zhao, Dongyan},
  journal={arXiv preprint arXiv:2203.08075},
  year={2022}
}
@article{mirzaee2021spartqa,
  title={Spartqa:: A textual question answering benchmark for spatial reasoning},
  author={Mirzaee, Roshanak and Faghihi, Hossein Rajaby and Ning, Qiang and Kordjmashidi, Parisa},
  journal={arXiv preprint arXiv:2104.05832},
  year={2021}
}
@INPROCEEDINGS{7410636,
  author={Antol, Stanislaw and Agrawal, Aishwarya and Lu, Jiasen and Mitchell, Margaret and Batra, Dhruv and Zitnick, C. Lawrence and Parikh, Devi},
  booktitle={2015 IEEE International Conference on Computer Vision (ICCV)}, 
  title={VQA: Visual Question Answering}, 
  year={2015},
  volume={},
  number={},
  pages={2425-2433},
  doi={10.1109/ICCV.2015.279}}
@article{peng2023instruction,
  title={Instruction tuning with gpt-4},
  author={Peng, Baolin and Li, Chunyuan and He, Pengcheng and Galley, Michel and Gao, Jianfeng},
  journal={arXiv preprint arXiv:2304.03277},
  year={2023}
}
@inproceedings{lin2014microsoft,
  title={Microsoft coco: Common objects in context},
  author={Lin, Tsung-Yi and Maire, Michael and Belongie, Serge and Hays, James and Perona, Pietro and Ramanan, Deva and Doll{\'a}r, Piotr and Zitnick, C Lawrence},
  booktitle={Computer Vision--ECCV 2014: 13th European Conference, Zurich, Switzerland, September 6-12, 2014, Proceedings, Part V 13},
  pages={740--755},
  year={2014},
  organization={Springer}
}
@article{chen2015survey,
  title={A survey of qualitative spatial representations},
  author={Chen, Juan and Cohn, Anthony G and Liu, Dayou and Wang, Shengsheng and Ouyang, Jihong and Yu, Qiangyuan},
  journal={The Knowledge Engineering Review},
  volume={30},
  number={1},
  pages={106--136},
  year={2015},
  publisher={Cambridge University Press}
}
@article{li2019visualbert,
  title={Visualbert: A simple and performant baseline for vision and language},
  author={Li, Liunian Harold and Yatskar, Mark and Yin, Da and Hsieh, Cho-Jui and Chang, Kai-Wei},
  journal={arXiv preprint arXiv:1908.03557},
  year={2019}
}
@article{tan2019lxmert,
  title={Lxmert: Learning cross-modality encoder representations from transformers},
  author={Tan, Hao and Bansal, Mohit},
  journal={arXiv preprint arXiv:1908.07490},
  year={2019}
}
@inproceedings{chen2020uniter,
  title={Uniter: Universal image-text representation learning},
  author={Chen, Yen-Chun and Li, Linjie and Yu, Licheng and El Kholy, Ahmed and Ahmed, Faisal and Gan, Zhe and Cheng, Yu and Liu, Jingjing},
  booktitle={Computer Vision--ECCV 2020: 16th European Conference, Glasgow, UK, August 23--28, 2020, Proceedings, Part XXX},
  pages={104--120},
  year={2020},
  organization={Springer}
}
@article{ullman2023large,
  title={Large language models fail on trivial alterations to theory-of-mind tasks},
  author={Ullman, Tomer},
  journal={arXiv preprint arXiv:2302.08399},
  year={2023}
}
@article{burnell2023rethink,
  title={Rethink reporting of evaluation results in AI},
  author={Burnell, Ryan and Schellaert, Wout and Burden, John and Ullman, Tomer D and Martinez-Plumed, Fernando and Tenenbaum, Joshua B and Rutar, Danaja and Cheke, Lucy G and Sohl-Dickstein, Jascha and Mitchell, Melanie and others},
  journal={Science},
  volume={380},
  number={6641},
  pages={136--138},
  year={2023},
  publisher={American Association for the Advancement of Science}
}
@article{davis2023benchmarks,
  title={Benchmarks for automated commonsense reasoning: A survey},
  author={Davis, Ernest},
  journal={arXiv preprint arXiv:2302.04752},
  year={2023}
}
@misc{wu2023visual,
      title={Visual ChatGPT: Talking, Drawing and Editing with Visual Foundation Models}, 
      author={Chenfei Wu and Shengming Yin and Weizhen Qi and Xiaodong Wang and Zecheng Tang and Nan Duan},
      year={2023},
      eprint={2303.04671},
      archivePrefix={arXiv},
      primaryClass={cs.CV}
}
@misc{zhu2023minigpt4,
      title={MiniGPT-4: Enhancing Vision-Language Understanding with Advanced Large Language Models}, 
      author={Deyao Zhu and Jun Chen and Xiaoqian Shen and Xiang Li and Mohamed Elhoseiny},
      year={2023},
      eprint={2304.10592},
      archivePrefix={arXiv},
      primaryClass={cs.CV}
}
@misc{qin2023good,
      title={How Good is Google Bard's Visual Understanding? An Empirical Study on Open Challenges}, 
      author={Haotong Qin and Ge-Peng Ji and Salman Khan and Deng-Ping Fan and Fahad Shahbaz Khan and Luc Van Gool},
      year={2023},
      eprint={2307.15016},
      archivePrefix={arXiv},
      primaryClass={cs.CV}
}